<?xml version="1.0" encoding="UTF-8"?><record xmlns="http://www.loc.gov/MARC21/slim" xmlns:cinclude="http://apache.org/cocoon/include/1.0" xmlns:zs="http://www.loc.gov/zing/srw/">
  <leader>00904cz  a2200157n  4500</leader>
  <controlfield tag="001">n  89299010 </controlfield>
  <controlfield tag="003">DLC</controlfield>
  <controlfield tag="005">20120810083803.0</controlfield>
  <controlfield tag="008">920121n| acannaab           |a ana      </controlfield>
  <datafield tag="010" ind1=" " ind2=" ">
    <subfield code="a">n  89299010 </subfield>
  </datafield>
  <datafield tag="040" ind1=" " ind2=" ">
    <subfield code="a">DLC</subfield>
    <subfield code="b">eng</subfield>
    <subfield code="c">DLC</subfield>
    <subfield code="d">DLC</subfield>
  </datafield>
  <datafield tag="111" ind1="2" ind2=" ">
    <subfield code="a">National Workshop on the Control of Iodine Deficiency Disorders (IDD)</subfield>
  </datafield>
  <datafield tag="411" ind1="2" ind2=" ">
    <subfield code="a">Workshop on the Control of Iodine Deficiency Disorders (IDD), National</subfield>
  </datafield>
  <datafield tag="411" ind1="2" ind2=" ">
    <subfield code="a">Workshop on the Prevention and Control of IDD in Tanzania</subfield>
  </datafield>
  <datafield tag="667" ind1=" " ind2=" ">
    <subfield code="a">THIS 1XX FIELD CANNOT BE USED UNDER RDA UNTIL THIS RECORD HAS BEEN REVIEWED AND/OR UPDATED</subfield>
  </datafield>
  <datafield tag="670" ind1=" " ind2=" ">
    <subfield code="a">Its (2nd : 1985 : Arusha, Tanzania). Towards the eradication of endemic goitre ... 1988:</subfield>
    <subfield code="b">t.p. (Second National Workshop on the Control of Iodine Deficiency Disorders (IDD), held at the Arusha International Conference Centre November 18-20th 1985) cover (Second Workshop on the Prevention and Control of IDD in Tanzania)</subfield>
  </datafield>
</record>